<?xml version="1.0" encoding="UTF-8"?><collection xmlns="http://www.loc.gov/MARC21/slim"><record><leader>00481nam--2200157-i-4500</leader><controlfield tag="001">000013842</controlfield><controlfield tag="002">20161230</controlfield><controlfield tag="005">20170113233457</controlfield><controlfield tag="008">060222s1000------------r-----000-0-eng-d</controlfield><datafield ind1=" " ind2=" " tag="080"><subfield code="a">551.594</subfield></datafield><datafield ind1=" " ind2=" " tag="100"><subfield code="a">Chauveau, B</subfield></datafield><datafield ind1=" " ind2=" " tag="245"><subfield code="a">Electricite atmospherique. 3: Generalites sur les ions,l ionisation et l a radioactivite. La conductibilite et l ionis ation de l atmosphere</subfield></datafield><datafield ind1=" " ind2=" " tag="260"><subfield code="a">Paris</subfield><subfield code="b">Gaston Doin</subfield><subfield code="c">1924</subfield></datafield><datafield ind1=" " ind2=" " tag="300"><subfield code="a">240 p</subfield></datafield><datafield ind1=" " ind2=" " tag="852"><subfield code="a">47658</subfield></datafield><datafield ind1=" " ind2=" " tag="CAT"><subfield code="a">SYS</subfield><subfield code="c">20170113</subfield><subfield code="h">233457</subfield></datafield></record></collection>